<?xml version="1.0" encoding="UTF-8"?><collection xmlns="http://www.loc.gov/MARC21/slim"><record><leader>00415nam--2200133-i-4500</leader><controlfield tag="001">000025713</controlfield><controlfield tag="002">20161230</controlfield><controlfield tag="005">20161230201036</controlfield><controlfield tag="008">060222s1000------------r-----000-0-eng-d</controlfield><datafield ind1=" " ind2=" " tag="080"><subfield code="a">621.039.58(043)</subfield></datafield><datafield ind1=" " ind2=" " tag="100"><subfield code="a">Junghanns, Karina</subfield></datafield><datafield ind1=" " ind2=" " tag="245"><subfield code="a">Die berichterstattung von ard und sat 1 uber das reaktorungluck von tschernobyl. ein medienvergleich. dissert</subfield></datafield><datafield ind1=" " ind2=" " tag="260"><subfield code="a">Heidelberg, Universitat, 1989, 198p</subfield></datafield><datafield ind1=" " ind2=" " tag="852"><subfield code="a">79000</subfield></datafield></record></collection>